@article{Olivieri2003,
  title={Solvency requirements for pension annuities},
  author={Olivieri, Annamaria and Pitacco, Ermanno},
  journal={Journal of Pension Economics \& Finance},
  volume={2},
  number={2},
  pages={127--157},
  year={2003},
  publisher={Cambridge University Press}
}
@article{Hong,
  title={Estimating quantile sensitivities},
  author={Hong, L Jeff},
  journal={Operations Research},
  volume={57},
  number={1},
  pages={118--130},
  year={2009},
  publisher={INFORMS}
}
@article{Oakley2004,
  title={Probabilistic sensitivity analysis of complex models: a {B}ayesian approach},
  author={Oakley, Jeremy E and O'Hagan, Anthony},
  journal={Journal of the Royal Statistical Society: Series B (Statistical Methodology)},
  volume={66},
  number={3},
  pages={751--769},
  year={2004},
  publisher={Wiley Online Library}
}
@article{Sobol1993,
  title={Sensitivity estimates for nonlinear mathematical models},
  author={Sobol, Ilya M},
  journal={Mathematical Modelling and Computational Experiments},
  volume={1},
  number={4},
  pages={407--414},
  year={1993}
}
@article{Wagner1995,
  title={Global sensitivity analysis},
  author={Wagner, Harvey M},
  journal={Operations Research},
  volume={43},
  number={6},
  pages={948--969},
  year={1995},
  publisher={INFORMS}
}
@article{glasserman2010sensitivity,
  title={Sensitivity estimates from characteristic functions},
  author={Glasserman, Paul and Liu, Zongjian},
  journal={Operations Research},
  volume={58},
  number={6},
  pages={1611--1623},
  year={2010},
  publisher={INFORMS}
}

@article{Li,
title = {Likelihood ratio gradient estimation for dynamic reliability applications},
author = "Jinghui Li and Ali Mosleh and Rui Kang",
journal = {Reliability Engineering and System Safety},
volume = "96",
number = "12",
pages = "1667 - 1679",
year = "2011"
}

@article{BorgonovoCillo,
  title={Deciding with Thresholds: Importance Measures and Value of Information},
  author={Borgonovo, Emanuele and Cillo, Alessandra},
  journal={Risk Analysis},
  volume={37},
  number={10},
  pages={1828--1848},
  year={2017}
}
@article{Aven2010,
  title={On the use of uncertainty importance measures in reliability and risk analysis},
  author={Aven, Terje and N{\o}kland, TE},
  journal={Reliability Engineering \& System Safety},
  volume={95},
  number={2},
  pages={127--133},
  year={2010},
  publisher={Elsevier}
}
@article{breuer2012systematic,
  title={A systematic approach to multi-period stress testing of portfolio credit risk},
  author={Breuer, Thomas and Janda{\v{c}}ka, Martin and Menc{\'\i}a, Javier and Summer, Martin},
  journal={Journal of Banking \& Finance},
  volume={36},
  number={2},
  pages={332--340},
  year={2012},
  publisher={Elsevier}
}

@article{rockafellar2002conditional,
  title={Conditional value-at-risk for general loss distributions},
  author={Rockafellar, R Tyrrell and Uryasev, Stanislav},
  journal={Journal of Banking \& Finance},
  volume={26},
  number={7},
  pages={1443--1471},
  year={2002},
  publisher={Elsevier}
}

@article{tapiero2005value,
  title={Value at risk and inventory control},
  author={Tapiero, Charles S},
  journal={European Journal of Operational Research},
  volume={163},
  number={3},
  pages={769--775},
  year={2005},
  publisher={Elsevier}
}


@article{gotoh2007newsvendor,
  title={Newsvendor solutions via conditional value-at-risk minimization},
  author={Gotoh, Jun-Ya and Takano, Yuichi},
  journal={European Journal of Operational Research},
  volume={179},
  number={1},
  pages={80--96},
  year={2007},
  publisher={Elsevier}
}

@article{szego2005measures,
  title={Measures of risk},
  author={Szeg{\"o}, Giorgio},
  journal={European Journal of Operational Research},
  volume={163},
  number={1},
  pages={5--19},
  year={2005},
  publisher={Elsevier}
}

@article{ahmed2007coherent,
  title={Coherent risk measures in inventory problems},
  author={Ahmed, Shabbir and {\c{C}}akmak, Ula{\c{s}} and Shapiro, Alexander},
  journal={European Journal of Operational Research},
  volume={182},
  number={1},
  pages={226--238},
  year={2007},
  publisher={Elsevier}
}

@article{asimit2017robust,
  title={Robust and Pareto optimality of insurance contracts},
  author={Asimit, Alexandru V and Bignozzi, Valeria and Cheung, Ka Chun and Hu, Junlei and Kim, Eun-Seok},
  journal={European Journal of Operational Research},
  volume={262},
  number={2},
  pages={720--732},
  year={2017},
  publisher={Elsevier}
}

@book{saltelli2000sensitivity,
  title={Sensitivity analysis},
  author={Saltelli, Andrea and Chan, Karen and Scott, E Marian},
  year={2000},
  publisher={John Wiley \& Sons}
}


@article{borgonovo2016common,
  title={A common rationale for global sensitivity measures and their estimation},
  author={Borgonovo, Emanuele and Hazen, Gordon B and Plischke, Elmar},
  journal={Risk Analysis},
  volume={36},
  number={10},
  pages={1871--1895},
  year={2016},
  publisher={Wiley Online Library}
}


@article{Ali1966,
  title={A general class of coefficients of divergence of one distribution from another},
  author={Ali, Syed Mumtaz and Silvey, Samuel D},
  journal={Journal of the Royal Statistical Society. Series B (Methodological)},
  pages={131--142},
  year={1966},
  publisher={JSTOR}
}
@article{Ruschendorf1983,
  title={Solution of a statistical optimization problem by rearrangement methods},
  author={R{\"u}schendorf, Ludger},
  journal={Metrika},
  volume={30},
  number={1},
  pages={55--61},
  year={1983},
  publisher={Springer}
}
@article{Ben2013,
  title={Robust solutions of optimization problems affected by uncertain probabilities},
  author={Ben-Tal, Aharon and Den Hertog, Dick and De Waegenaere, Anja and Melenberg, Bertrand and Rennen, Gijs},
  journal={Management Science},
  volume={59},
  number={2},
  pages={341--357},
  year={2013},
  publisher={INFORMS}
}
@techreport{Blanchet2017,
  title={Applied Robust Performance Analysis for Actuarial Applications},
  author={Blanchet, Jose and Lam, Henry and Tang, Qihe and Yuan, Zhongyi},
  year={2017},
  institution ={the Society of Actuaries (SOA)}
}
@book{OConnor2012,
  title={Practical reliability engineering},
  author={O'Connor, Patrick and Kleyner, Andre},
  year={2012},
  publisher={John Wiley \& Sons}
}
@article{Spear1994,
  title={Parameter uncertainty and interaction in complex environmental models},
  author={Spear, Robert C and Grieb, Thomas M and Shang, Nong},
  journal={Water Resources Research},
  volume={30},
  number={11},
  pages={3159--3169},
  year={1994},
  publisher={Wiley Online Library}
}
@article{Osidele2004,
  title={An inverse approach to the analysis of uncertainty in models of environmental systems},
  author={Osidele, Olufemi O and Beck, M Bruce},
  journal={Integrated Assessment},
  volume={4},
  number={4},
  pages={265--282},
  year={2004},
  publisher={Taylor \& Francis}
}
@article{Jaynes1957,
  title={Information theory and statistical mechanics},
  author={Jaynes, Edwin T},
  journal={Physical review},
  volume={106},
  number={4},
  pages={620},
  year={1957},
  publisher={APS}
}
@article{Cooke1999l,
  title={Local probabilistic sensitivity measures for comparing {FORM} and {M}onte {C}arlo calculations illustrated with dike ring reliability calculations},
  author={Cooke, Roger M and van Noortwijk, Jan M},
  journal={Computer Physics Communications},
  volume={117},
  number={1-2},
  pages={86--98},
  year={1999},
  publisher={Elsevier}
}
@article{Little1970,
  title={Models and managers: The concept of a decision calculus},
  author={Little, John DC},
  journal={Management science},
  volume={16},
  number={8},
  pages={B--466},
  year={1970},
  publisher={INFORMS}
}
@article{Zhou2013,
  title={Applications of entropy in finance: A review},
  author={Zhou, Rongxi and Cai, Ru and Tong, Guanqun},
  journal={Entropy},
  volume={15},
  number={11},
  pages={4909--4931},
  year={2013},
  publisher={Multidisciplinary Digital Publishing Institute}
}
@book{kurowicka2006Book,
  title={Uncertainty analysis with high dimensional dependence modelling},
  author={Kurowicka, Dorota and Cooke, Roger M},
  year={2006},
  publisher={John Wiley \& Sons}
}
@article{Xu2008general,
  title={A general first-order global sensitivity analysis method},
  author={Xu, Chonggang and Gertner, George Zdzislaw},
  journal={Reliability Engineering \& System Safety},
  volume={93},
  number={7},
  pages={1060--1071},
  year={2008},
  publisher={Elsevier}
}
@article{Xu2008uncertainty,
  title={Uncertainty and sensitivity analysis for models with correlated parameters},
  author={Xu, Chonggang and Gertner, George Zdzislaw},
  journal={Reliability Engineering \& System Safety},
  volume={93},
  number={10},
  pages={1563--1573},
  year={2008},
  publisher={Elsevier}
}
@article{Shore1980,
  title={Axiomatic derivation of the principle of maximum entropy and the principle of minimum cross-entropy},
  author={Shore, John and Johnson, Rodney},
  journal={IEEE Transactions on information theory},
  volume={26},
  number={1},
  pages={26--37},
  year={1980},
  publisher={IEEE}
}
@article{Mara2012,
  title={Variance-based sensitivity indices for models with dependent inputs},
  author={Mara, Thierry A and Tarantola, Stefano},
  journal={Reliability Engineering \& System Safety},
  volume={107},
  pages={115--121},
  year={2012},
  publisher={Elsevier}
}
@article{Shannon2001,
  title={A mathematical theory of communication},
  author={Shannon, Claude E},
  journal={ACM SIGMOBILE Mobile Computing and Communications Review},
  volume={5},
  number={1},
  pages={3--55},
  year={2001},
  publisher={ACM}
}
@article{Borgonovo2016,
  title={Sensitivity analysis: a review of recent advances},
  author={Borgonovo, Emanuele and Plischke, Elmar},
  journal={European Journal of Operational Research},
  volume={248},
  number={3},
  pages={869--887},
  year={2016},
  publisher={Elsevier}
}
@techreport{SolvencyII,
author = {{EIOPA}},
institution = {{European Insurance and Occupational Pensions Authority}},
title = {DIRECTIVE 2009/138/EC OF THE {E}UROPEAN {P}ARLIAMENT AND OF THE {C}OUNCIL},
year = {2009}
}
@techreport{Lloyds2016,
author = {{Lloyd's}},
institution = {{Lloyd's}},
title = {Internal Model Validation: Supplementary notes to the {S}olvency {II} model validation guidance ({A}pril 2014)},
year = {2016}
}
@techreport{BCBS12,
author = {{BCBS}},
institution = {{Basel Committee on Banking  Supervision,  Bank for International Settlements}},
title = {Consultative {D}ocument {M}ay 2012. {F}undamental review of the  trading book},
year = {2012}
}
@techreport{BCBS13,
author = {{BCBS}},
institution = {{Basel Committee on Banking  Supervision,  Bank for International Settlements}},
title = {Consultative {D}ocument {O}ctober 2013. {F}undamental review of the  trading book: A revised market risk framework},
year = {2013}
}
@article{Weber2007,
  title={Distribution-invariant risk measures, entropy, and large deviations},
  author={Weber, Stefan},
  journal={Journal of Applied Probability},
  volume={44},
  number={1},
  pages={16--40},
  year={2007},
  publisher={Cambridge University Press}
}
@book{Kullback1997,
  title={Information theory and statistics},
  author={Kullback, Solomon},
  year={1959},
  publisher={John Wiley \& Sons}
}
@article{Gerber1974,
  title={On additive premium calculation principles},
  author={Gerber, Hans U},
  journal={ASTIN Bulletin: The Journal of the IAA},
  volume={7},
  number={3},
  pages={215--222},
  year={1974},
  publisher={Cambridge University Press}
}
@article{Newey1987,
  title={Asymmetric least squares estimation and testing},
  author={Newey, Whitney K and Powell, James L},
  journal={Econometrica: Journal of the Econometric Society},
  pages={819--847},
  year={1987},
  publisher={JSTOR}
}
@book{Boyd2004,
  title={Convex optimization},
  author={Boyd, Stephen and Vandenberghe, Lieven},
  year={2004},
  publisher={Cambridge University Press}
}
@article{Spear1980,
  title={Eutrophication in Peel Inlet--II. Identification of critical uncertainties via generalized sensitivity analysis},
  author={Spear, RC and Hornberger, GM},
  journal={Water Research},
  volume={14},
  number={1},
  pages={43--49},
  year={1980},
  publisher={Elsevier}
}
@article{Liping2009,
  title={Possibilistic entropy-based measure of importance in fault tree analysis},
  author={Liping, He and Fuzheng, Qu},
  journal={Journal of Systems Engineering and Electronics},
  volume={20},
  number={2},
  pages={434--444},
  year={2009},
  publisher={BIAI}
}
@article{Suresh1996,
  title={Uncertainty in fault tree analysis: A fuzzy approach},
  author={Suresh, PV and Babar, AK and Raj, V Venkat},
  journal={Fuzzy sets and Systems},
  volume={83},
  number={2},
  pages={135--141},
  year={1996},
  publisher={Elsevier}
}
@article{Baraldi2009,
  title={Two techniques of sensitivity and uncertainty analysis of fuzzy expert systems},
  author={Baraldi, Piero and Librizzi, M and Zio, Enrico and Podofillini, Luca and Dang, Vinh N},
  journal={Expert Systems with Applications},
  volume={36},
  number={10},
  pages={12461--12471},
  year={2009},
  publisher={Elsevier}
}
@article{Flage2012,
  title={An imprecision importance measure for uncertainty representations interpreted as lower and upper probabilities, with special emphasis on possibility theory},
  author={Flage, Roger and Aven, Terje and Baraldi, Piero and Zio, Enrico},
  journal={Proceedings of the Institution of Mechanical Engineers, Part O: Journal of Risk and Reliability},
  volume={226},
  number={6},
  pages={656--665},
  year={2012},
  publisher={SAGE Publications Sage UK: London, England}
}@article{Tsanakas2016b,
  title={Sensitivity analysis using risk measures},
  author={Tsanakas, Andreas and Millossovich, Pietro},
  journal={Risk Analysis},
  volume={36},
  number={1},
  pages={30--48},
  year={2016},
  publisher={Wiley Online Library}
}
@article{Borgonovo2006,
  title={Measuring uncertainty importance: investigation and comparison of alternative approaches},
  author={Borgonovo, Emanuele},
  journal={Risk analysis},
  volume={26},
  number={5},
  pages={1349--1361},
  year={2006},
  publisher={Wiley Online Library}
}
@article{Chun2000,
  title={An uncertainty importance measure using a distance metric for the change in a cumulative distribution function},
  author={Chun, Moon-Hyun and Han, Seok-Jung and Tak, Nam-IL},
  journal={Reliability Engineering \& System Safety},
  volume={70},
  number={3},
  pages={313--321},
  year={2000},
  publisher={Elsevier}
}
@article{Lehmann1966,
  title={Some concepts of dependence},
  author={Lehmann, Erich Leo},
  journal={The Annals of Mathematical Statistics},
  volume={37},
  number={5},
  pages={1137--1153},
  year={1966},
  publisher={Institute of Mathematical Statistics}
}
@article{Muraleedharan2014,
  title={Characteristic and moment generating functions of generalised Pareto (GP3) and Weibull distributions},
  author={Muraleedharan, G and Soares, C Guedes},
  journal={Journal of Scientific Research and Reports},
  volume={3},
  number={14},
  pages={1861--1874},
  year={2014}
}
@book{Wuthrichbuch2013,
author = {W\"{u}thrich, Mario V and Merz, Michael},
publisher = {Springer},
title = {{Financial Modeling, Actuarial Valuation and Solvency in Insurance}},
year = {2013}
}
@article{Kou2013,
author = {Kou, Steven and Peng, Xianhua and Heyde, Chris C},
file = {:C$\backslash$:/Users/Silvana/AppData/Local/Mendeley Ltd./Mendeley Desktop/Downloaded/Kou, Peng, Heyde - 2013 - External Risk Measures and Basel Accords.pdf:pdf},
journal = {Mathematics of Operations Research},
number = {3},
pages = {393--417},
title = {{External Risk Measures and Basel Accords}},
volume = {38},
year = {2013}
}
@book{Follmer2011,
author = {F{\"{o}}llmer, Hans and Schied, Alexander},
edition = {3rd},
publisher = {de Gruyter},
title = {Stochastic Finance: An introduction in discrete time},
year = {2011}
}
@article{Venter1991,
author = {Venter, GG},
doi = {10.2143/AST.21.2.2005365},
file = {:C$\backslash$:/Users/Silvana/AppData/Local/Mendeley Ltd./Mendeley Desktop/Downloaded/Venter - 1991 - Premium calculation implications of reinsurance without arbitrage.pdf:pdf},
issn = {0515-0361},
journal = {Astin Bulletin},
keywords = {Premium calculation,arbitrage,capital asset pricing model,utility theory},
number = {2},
pages = {223--230},
title = {{Premium calculation implications of reinsurance without arbitrage}},
volume = {21},
year = {1991}
}
@article{Tsanakas2016a,
author = {Tsanakas, Andreas and Mario, V W},
keywords = {aumann-shapley value,capital allocation,euler rule,fuzzy core,risk},
pages = {1--31},
title = {{Capital allocation for insurance portfolios with non-linear risk aggregation}},
year = {2016}
}
@article{Ziegel2014,
author = {Ziegel, Johanna F.},
journal = {Mathematical Finance},
number = {4},
pages = {901--918},
title = {{Coherence and elicitability}},
volume = {26},
year = {2014}
}
@article{Buhlmann1977,
author = {B{\"{u}}hlmann, H and Gagliardi, G and Gerber, H U and Straub, E},
journal = {Astin Bulletin},
keywords = {SOME INEQUALITIES FOR STOP-LOSS PREMIUMS},
number = {1},
pages = {75--83},
title = {{Some inequalities for stop-loss premiums}},
volume = {9},
year = {1977}
}
@article{Glasserman2006,
author = {Glasserman, P and Kou, S},
doi = {10.1214/088342306000000088},
isbn = {0883-4237},
issn = {1542-7730},
journal = {Statistical Science},
number = {2},
pages = {286--298},
title = {{A conversation with Chris Heyde}},
volume = {21},
year = {2006}
}
@article{Donnelly2010,
author = {Donnelly, Catherine and Embrechts, Paul},
doi = {10.2143/AST.40.1.2049222},
file = {:C$\backslash$:/Users/Silvana/AppData/Local/Mendeley Ltd./Mendeley Desktop/Downloaded/Donnelly, Embrechts - 2010 - The Devil Is in the Tails.pdf:pdf},
issn = {0515-0361},
journal = {ASTIN Bulletin},
number = {1},
pages = {1--33},
title = {{The Devil Is in the Tails}},
volume = {40},
year = {2010}
}
@article{Acerbi2002b,
annote = {NULL},
archivePrefix = {arXiv},
arxivId = {arXiv:cond-mat/0105191v1},
author = {Acerbi, Carlo and Tasche, Dirk},
doi = {10.1111/1468-0300.00091},
eprint = {0105191v1},
isbn = {1468-0300},
issn = {1468-0300},
journal = {Economic notes},
number = {2},
pages = {379--388},
primaryClass = {arXiv:cond-mat},
title = {{{\{}E{\}}xpected {\{}S{\}}hortfall: a natural coherent alternative to {\{}V{\}}alue at {\{}R{\}}isk}},
volume = {31},
year = {2002}
}
@article{Glasserman2014,
  title={Robust risk measurement and model risk},
  author={Glasserman, Paul and Xu, Xingbo},
  journal={Quantitative Finance},
  volume={14},
  number={1},
  pages={29--58},
  year={2014},
  publisher={Taylor \& Francis}
}
@article{Breuer2013,
  title={Systematic stress tests with entropic plausibility constraints},
  author={Breuer, Thomas and Csisz{\'a}r, Imre},
  journal={Journal of Banking \& Finance},
  volume={37},
  number={5},
  pages={1552--1559},
  year={2013},
  publisher={Elsevier}
}
@article{Artzner1999,
author = {Artzner, Philippe and Delbaen, Freddy and Eber, Jean-Marc and Heath, David},
doi = {10.1111/1467-9965.00068},
file = {:C$\backslash$:/Users/Silvana/AppData/Local/Mendeley Ltd./Mendeley Desktop/Downloaded/Artzner et al. - 1999 - Coherent measures of risk.pdf:pdf},
journal = {Mathematical Finance},
number = {3},
pages = {203--228},
title = {{Coherent measures of risk}},
volume = {9},
year = {1999}
}

@article{Plischke2013,
author = {Plischke, Elmar and Borgonovo, Emanuele and Smith, Curtis L.},
journal = {European Journal of Operational Research},
keywords = {Global sensitivity analysis,Simulation,Uncertainty analysis},
number = {3},
pages = {536--550},
publisher = {Elsevier B.V.},
title = {{Global sensitivity measures from given data}},
volume = {226},
year = {2013}
}
@article{Braun2004,
author = {Braun, C},
file = {:C$\backslash$:/Users/Silvana/AppData/Local/Mendeley Ltd./Mendeley Desktop/Downloaded/Braun - 2004 - The Prediction Error of the Chain Ladder Method Applied To Correlated Run-Off Triangles.pdf:pdf},
journal = {Astin Bulletin},
number = {2},
pages = {399--423},
title = {{The Prediction Error of the Chain Ladder Method Applied To Correlated Run-Off Triangles}},
url = {http://www.actuaries.org/ASTIN/Colloquia/Bergen/Braun.pdf},
volume = {34},
year = {2004}
}
@article{Muller1996,
author = {M{\"{u}}ller, Alfred},
doi = {10.1016/0167-6687(95)00025-9},
file = {:C$\backslash$:/Users/Silvana/AppData/Local/Mendeley Ltd./Mendeley Desktop/Downloaded/M{\"{u}}ller - 1996 - Orderings of risks A comparative study via stop-loss transforms.pdf:pdf},
issn = {01676687},
journal = {Insurance: Mathematics and Economics},
keywords = {Convex order,More dangerous,Order lattices,Stochastic dominance,Stop-loss convergence,Stop-loss order,Stop-loss transform},
number = {3},
pages = {215--222},
title = {{Orderings of risks: A comparative study via stop-loss transforms}},
volume = {17},
year = {1996}
}
@article{Borgonovo2011,
  title={Moment independent importance measures: New results and analytical test cases},
  author={Borgonovo, Emanuele and Castaings, William and Tarantola, Stefano},
  journal={Risk Analysis},
  volume={31},
  number={3},
  pages={404--428},
  year={2011},
  publisher={Wiley Online Library}
}
@article{Kachapova2012,
  title={A measure of monotonicity of two random variables},
  author={Kachapova, F and Kachapov, I},
  journal={Journal of Mathematics and Statistics},
  volume={8},
  number={2},
  pages={221--228},
  year={2012},
  publisher={Science Publications}
}


@article{Borgonovo2007,
author = {Borgonovo, E.},
journal = {Reliability Engineering \& System Safety},
number = {6},
pages = {771--784},
title = {{A new uncertainty importance measure}},
volume = {92},
year = {2007}
}
@article{Frei2010,
author = {Frei, Christoph and Schweizer, Martin},
doi = {10.1007/978-3-642-02608-9},
isbn = {978-3-642-02607-2},
keywords = {2000,60g48,91b28,bmo-martingales,bsde,exponential utility,fer,fundamental entropy,indifference valuation,martingale measure,mathematics subject classification,minimal entropy,representation},
pages = {49--87},
title = {{Optimality and Risk - Modern Trends in Mathematical Finance}},
url = {http://www.springerlink.com/index/10.1007/978-3-642-02608-9},
year = {2010}
}
@article{Tsanakas2016,
author = {Tsanakas, Andreas and Beck, Bruce and Thompson and Michael},
doi = {10.1016/j.cpr.2010.02.004},
file = {:C$\backslash$:/Users/Silvana/AppData/Local/Mendeley Ltd./Mendeley Desktop/Downloaded/Tsanakas et al. - 2016 - Taming Uncertainty The Limits to Quantification.pdf:pdf},
isbn = {9780754679707},
journal = {ASTIN Bulletin},
pages = {227--246},
title = {{Taming Uncertainty: The Limits to Quantification}},
year = {2016}
}
@book{Denuit2005,
  title={Actuarial theory for dependent risks: Measures, orders and models},
  author={Denuit, Michel and Dhaene, Jan and Goovaerts, Marc and Kaas, Rob},
  year={2006},
  publisher={John Wiley \& Sons}
}

@article{Bignozzi2013,
author = {Bignozzi, Valeria and Tsanakas, Andreas},
issn = {17552842},
journal = {Available at SSRN 2334797},
keywords = {bayesian model posteriors,model error,model uncertainty,parameter uncertainty},
number = {August},
pages = {1--28},
title = {{Model uncertainty in risk capital measurement}},
url = {http://papers.ssrn.com/sol3/papers.cfm?abstract{\_}id=2334797},
year = {2013}
}
@techreport{Hampel1998,
author = {Hampel, Frank},
file = {:C$\backslash$:/Users/Silvana/AppData/Local/Mendeley Ltd./Mendeley Desktop/Downloaded/Hampel - 1998 - On the foundations of statistics A frequentist approach.pdf:pdf},
institution = {ETH Zurich},
number = {85},
title = {{On the foundations of statistics : A frequentist approach}},
year = {1998}
}
@book{Saltelli2008,
  title={Global sensitivity analysis: the primer},
  author={Saltelli, Andrea and Ratto, Marco and Andres, Terry and Campolongo, Francesca and Cariboni, Jessica and Gatelli, Debora and Saisana, Michaela and Tarantola, Stefano},
  year={2008},
  publisher={John Wiley \& Sons}
}
@article{SobolIlyaMeerovichKucherenko2005,
author = {{Sobol Il'ya Meerovich, Kucherenko}, Sergei},
doi = {10.1002/wilm.42820050114},
file = {:C$\backslash$:/Users/Silvana/AppData/Local/Mendeley Ltd./Mendeley Desktop/Downloaded/Sobol Il'ya Meerovich, Kucherenko - 2005 - Global Sensitivity Indices for Nonlinear Mathematical ModelsReview.pdf:pdf},
issn = {15406962},
journal = {Wilmott Mag},
number = {2000},
pages = {2--7},
title = {{Global Sensitivity Indices for Nonlinear Mathematical Models:Review}},
url = {http://scholar.google.com/scholar?hl=en{\&}btnG=Search{\&}q=intitle:Global+Sensitivity+Indices+for+Nonlinear+Mathematical+Models+.+Review{\#}7},
volume = {55},
year = {2005}
}
@article{Tsanakas2011,
author = {Tsanakas, Andreas and Desli, E.},
doi = {10.1017/S1357321700004414},
file = {:C$\backslash$:/Users/Silvana/AppData/Local/Mendeley Ltd./Mendeley Desktop/Downloaded/Tsanakas, Desli - 2011 - Risk Measures and Theories of Choice.pdf:pdf},
issn = {1357-3217},
journal = {British Actuarial Journal},
keywords = {additional services for british,baj,cambridge,click here,email alerts,http,journals,org,tish actuarial journal},
number = {04},
pages = {959--991},
title = {{Risk Measures and Theories of Choice}},
url = {http://www.journals.cambridge.org/abstract{\_}S1357321700004414},
volume = {9},
year = {2011}
}
@article{Mizera2010,
author = {Mizera, Ivan},
doi = {10.1214/10-IMSCOLL717},
file = {:C$\backslash$:/Users/Silvana/AppData/Local/Mendeley Ltd./Mendeley Desktop/Downloaded/Mizera - 2010 - Qualitative robustness and weak continuity the extreme unction.pdf:pdf},
journal = {Collections},
number = {0000},
pages = {1--10},
title = {{Qualitative robustness and weak continuity : the extreme unction}},
volume = {0},
year = {2010}
}
@article{Revesz1976,
author = {R{\'{e}}v{\'{e}}sz, P},
file = {:C$\backslash$:/Users/Silvana/AppData/Local/Mendeley Ltd./Mendeley Desktop/Downloaded/R{\'{e}}v{\'{e}}sz - 1976 - On Multivariate Empirical Density Functions.pdf:pdf},
journal = {The Indian Journal of Statistic},
number = {3},
pages = {212--220},
title = {{On Multivariate Empirical Density Functions}},
volume = {38},
year = {1976}
}
@article{Bickel1981,
author = {Bickel, Peter J. and Freedman, David A.},
doi = {10.1214/aos/1176345637},
file = {:C$\backslash$:/Users/Silvana/AppData/Local/Mendeley Ltd./Mendeley Desktop/Downloaded/Bickel, Freedman - 1981 - Some asymptotic theory for the bootstrap.pdf:pdf},
isbn = {0090-5364},
issn = {0090-5364},
journal = {The Annals of Statistics},
number = {6},
pages = {1196--1217},
title = {{Some asymptotic theory for the bootstrap}},
volume = {9},
year = {1981}
}
@article{Weber2006,
author = {Weber, Stefan},
file = {:C$\backslash$:/Users/Silvana/AppData/Local/Mendeley Ltd./Mendeley Desktop/Downloaded/Weber - 2006 - Distribution-invariant risk measures, information, and dynamic consistency.pdf:pdf},
journal = {Mathematical Finance},
number = {2},
pages = {419--441},
title = {{Distribution-invariant risk measures, information, and dynamic consistency}},
volume = {16},
year = {2006}
}
@article{Acerbi2007,
author = {Acerbi, Carlo},
journal = {Quantitative Finance},
number = {4},
pages = {359--364},
title = {{Coherent measures of risk in everyday market practice†}},
volume = {7},
year = {2007}
}
@article{Yaari1987,
author = {Yaari, Me},
journal = {Econometrica},
number = {1},
pages = {95--115},
title = {{The Dual Theory of Choice under Risk}},
url = {http://www.jstor.org/stable/1911158},
volume = {55},
year = {1987}
}
@article{Borgonovo2008,
author = {Borgonovo, Emanuele},
doi = {10.1111/j.1539-6924.2008.01052.x},
journal = {Risk Analysis},
number = {3},
pages = {667--680},
pmid = {18643824},
title = {{Sensitivity analysis of model output with input constraints: A generalized rationale for local methods}},
volume = {28},
year = {2008}
}
@article{Berkowitz1999a,
author = {Berkowitz, Jeremy},
doi = {10.2139/ssrn.158689},
title = {{Evaluating the Forecasts of Risk Models}},
year = {1999}
}
@article{Gibbs2002,
  title={On choosing and bounding probability metrics},
  author={Gibbs, Alison L and Su, Francis Edward},
  journal={International Statistical Review},
  volume={70},
  number={3},
  pages={419--435},
  year={2002},
  publisher={Wiley Online Library}
}
@article{Kerkhof2002,
journal = {CentER Discussion Paper (2002-27)},
keywords = {capital requirements},
number = {1},
pages = {1--57},
publisher = {Elsevier B.V.},
title = {{Model risk and regulatory capital}},
url = {http://www.ssrn.com/abstract=301531{\%}5Cnhttp://papers.ssrn.com/sol3/papers.cfm?abstract{\_}id=301531},
volume = {34},
year = {2002}
}
@article{Tobergte2013,
archivePrefix = {arXiv},
arxivId = {arXiv:1011.1669v3},
author = {Hillmann, Noel},
doi = {10.1017/CBO9781107415324.004},
eprint = {arXiv:1011.1669v3},
file = {:C$\backslash$:/Users/Silvana/AppData/Local/Mendeley Ltd./Mendeley Desktop/Downloaded/Hillmann - 2015 - Interview by Andrew Candland.pdf:pdf},
isbn = {9788578110796},
issn = {1098-6596},
journal = {Report "Insurance Risk and Operations, Europe 2015"},
keywords = {icle},
pmid = {25246403},
title = {{Interview by Andrew Candland}},
year = {2015}
}


@book{Gut2013,
archivePrefix = {arXiv},
arxivId = {arXiv:1011.1669v3},
author = {Gut, Allan},
booktitle = {Springer},
doi = {10.1016/j.peva.2007.06.006},
edition = {Second},
eprint = {arXiv:1011.1669v3},
file = {:C$\backslash$:/Users/Silvana/AppData/Local/Mendeley Ltd./Mendeley Desktop/Downloaded/Gut - 2013 - Probability A Graduate Course.pdf:pdf},
isbn = {9780387781884},
issn = {01621459},
pages = {618},
pmid = {10911016},
publisher = {Springer Texts in Statistic},
title = {{Probability: A Graduate Course}},
year = {2013}
}

@article{Frittelli2002,
author = {Frittelli, Marco and {Rosazza Gianin}, Emanuela},
doi = {10.1016/S0378-4266(02)00270-4},
file = {:C$\backslash$:/Users/Silvana/AppData/Local/Mendeley Ltd./Mendeley Desktop/Downloaded/Frittelli, Rosazza Gianin - 2002 - Putting order in risk measures.pdf:pdf},
issn = {03784266},
journal = {Journal of Banking and Finance},
keywords = {Coherent risk measures,Convex duality,Convex risk measures,Incomplete markets,Risk measures},
number = {7},
pages = {1473--1486},
title = {{Putting order in risk measures}},
volume = {26},
year = {2002}
}

@article{Muller2006,
  title={Stochastic order relations and lattices of probability measures},
  author={M{\"u}ller, Alfred and Scarsini, Marco},
  journal={SIAM Journal on Optimization},
  volume={16},
  number={4},
  pages={1024--1043},
  year={2006},
  publisher={SIAM}
}

@article{Haezendonck1982,
author = {Haezendonck, J and Goovaerts, Marc},
file = {:C$\backslash$:/Users/Silvana/AppData/Local/Mendeley Ltd./Mendeley Desktop/Downloaded/Haezendonck, Goovaerts - 1982 - A new premium calculation principle based on {\{}O{\}}rlicz norms.pdf:pdf},
journal = {Insurance: Mathematics and Economics},
number = {1},
pages = {41--53},
title = {{A new premium calculation principle based on {\{}O{\}}rlicz norms}},
volume = {1},
year = {1982}
}
@article{Kullback1951,
  title={On information and sufficiency},
  author={Kullback, Solomon and Leibler, Richard A},
  journal={The Annals of Mathematical Statistics},
  volume={22},
  number={1},
  pages={79--86},
  year={1951},
  publisher={JSTOR}
}

@book{Cover2012,
  title={Elements of information theory},
  author={Cover, Thomas M and Thomas, Joy A},
  year={2012},
  publisher={John Wiley \& Sons}
}
@article{Saltelli2002a,
  title={Sensitivity analysis for importance assessment},
  author={Saltelli, Andrea},
  journal={Risk Analysis},
  volume={22},
  number={3},
  pages={579--590},
  year={2002},
  publisher={Wiley Online Library}
}

@article{Follmer2002a,
archivePrefix = {arXiv},
arxivId = {arXiv:1011.1669v3},
author = {F{\"{o}}llmer, Hans and Schied, Alexander},
doi = {10.1017/CBO9781107415324.004},
eprint = {arXiv:1011.1669v3},
file = {:C$\backslash$:/Users/Silvana/AppData/Local/Mendeley Ltd./Mendeley Desktop/Downloaded/F{\"{o}}llmer, Schied - 2002 - Robust preferences and convex measures of risk.pdf:pdf},
isbn = {9788578110796},
issn = {1098-6596},
journal = {Advances in Finance and Stochastics},
keywords = {icle},
pmid = {25246403},
title = {{Robust preferences and convex measures of risk}},
year = {2002}
}
@article{Esary67,
author = {Esary, J D and Proschan, F and Walkup, D W},
journal = {The Annals of Mathematical Statistics},
number = {5},
pages = {1466--1474},
title = {Association of Random Variables, with Applications},
volume = {38},
year = {1967}
}

@article{Rockafellar2013,
author = {Rockafellar, R Tyrrell and Uryasev, Stan},
journal = {Operations Research and Management Science},
pages = {1--41},
title = {{the Fundamental Risk Quadrangle}},
year = {2013}
}

@book{Mcneil2015B,
  title={Quantitative Risk Management: Concepts, Techniques and Tools-revised edition},
  author={McNeil, Alexander J and Frey, R{\"u}diger and Embrechts, Paul},
  year={2015},
  publisher={Princeton university press}
}

@article{McNeil2012,
author = {McNeil, Alexander J. and Smith, Andrew D.},
journal = {Insurance: Mathematics and Economics},
number = {3},
pages = {299--308},
publisher = {Elsevier B.V.},
title = {{Multivariate stress scenarios and solvency}},
volume = {50},
year = {2012}
}


@book{Cover2006,
author = {Cover, Thomas M. and Joy, Thomas A.},
doi = {10.1007/978-0-387-78189-1},
edition = {2nd},
file = {:C$\backslash$:/Users/Silvana/AppData/Local/Mendeley Ltd./Mendeley Desktop/Downloaded/Cover, Joy - 2006 - Elements of Information Theory.pdf:pdf},
isbn = {9780387781891},
issn = {08848289},
number = {John Wiley {\&} Sons, Inc},
title = {{Elements of Information Theory}},
year = {2006}
}

@article{Shannon1948,
author = {Shannon, C E},
file = {:C$\backslash$:/Users/Silvana/AppData/Local/Mendeley Ltd./Mendeley Desktop/Downloaded/Shannon - 1948 - A Mathematical Theory of Communication.pdf:pdf},
journal = {Mobile Computing and Communications Review (reprint)},
number = {I},
pages = {3--55},
title = {{A Mathematical Theory of Communication}},
volume = {5},
year = {1948}
}

@article{Csiszar1975,
author = {Csisz\'{a}r, Imre},
journal = {The Annals of Probability},
number = {1},
pages = {146--158},
title = {I-Divergence Geometry of Probability Distributions and Minimization Problems},
volume = {3},
year = {1975}
}
@article{Thompson2001,
author = {Thompson, James R.},
doi = {10.1198/004017001316975862},
file = {:C$\backslash$:/Users/Silvana/AppData/Local/Mendeley Ltd./Mendeley Desktop/Downloaded/Thompson - 2001 - The Age of Tukey.pdf:pdf},
issn = {0040-1706},
journal = {Technometrics},
keywords = {exploratory},
number = {3},
pages = {256--265},
title = {{The Age of Tukey}},
volume = {43},
year = {2001}
}
@article{Ferretti2015,
issn = {18791026},
journal = {Science of the Total Environment},
keywords = {Bibliometric analysis,Chemical modelling,Global sensitivity analysis,Sensitivity analysis},
pages = {666--670},
pmid = {26934843},
publisher = {British Geological Survey, NERC},
title = {{Trends in sensitivity analysis practice in the last decade}},
url = {http://dx.doi.org/10.1016/j.scitotenv.2016.02.133},
volume = {568},
year = {2015}
}
@article{Cont2010,
author = {Cont, Rama and Deguest, Romain and Scandolo, Giacomo},
doi = {10.1080/14697681003685597},
file = {:C$\backslash$:/Users/Silvana/AppData/Local/Mendeley Ltd./Mendeley Desktop/Downloaded/Cont, Deguest, Scandolo - 2010 - Robustness and sensitivity analysis of risk measurement procedures.pdf:pdf},
isbn = {1469768100},
issn = {1469-7688},
journal = {Quantitative Finance},
keywords = {coherent risk measures,expected shortfall,law invariant risk measures,robust statistics,value at risk},
number = {6},
pages = {593--606},
title = {{Robustness and sensitivity analysis of risk measurement procedures}},
volume = {10},
year = {2010}
}

@article{Croux2006,
author = {Croux, Christophe},
file = {:C$\backslash$:/Users/Silvana/AppData/Local/Mendeley Ltd./Mendeley Desktop/Downloaded/Croux - 2006 - Discussion of 'Sur une limitation tres g{\'{e}}n{\'{e}}rale de la dispersion de la m{\'{e}}diane', by M. Fr{\'{e}}chet.pdf:pdf},
journal = {Journal de la Soci{\'{e}}t{\'{e}} Fran{\c{c}}aise de Statistique},
number = {2},
pages = {45--49},
title = {{Discussion of 'Sur une limitation tres g{\'{e}}n{\'{e}}rale de la dispersion de la m{\'{e}}diane', by M. Fr{\'{e}}chet}},
volume = {147},
year = {2006}
}
@article{Bellini2014,
author = {Bellini, Fabio and Klar, Bernhard and M{\"{u}}ller, Alfred and {Rosazza Gianin}, Emanuela},
doi = {10.1016/j.insmatheco.2013.10.015},
file = {:C$\backslash$:/Users/Silvana/AppData/Local/Mendeley Ltd./Mendeley Desktop/Downloaded/Bellini et al. - 2014 - Generalized quantiles as risk measures.pdf:pdf},
issn = {01676687},
journal = {Insurance: Mathematics and Economics},
pages = {41--48},
publisher = {Elsevier B.V.},
title = {{Generalized quantiles as risk measures}},
volume = {54},
year = {2014}
}
@article{Saltelli2002,
author = {Saltelli, Andrea and Tarantola, Stefano},
doi = {10.1198/016214502388618447},
issn = {0162-1459},
journal = {Journal of the American Statistical Association},
number = {459},
pages = {702--709},
title = {{On the Relative Importance of Input Factors in Mathematical Models}},
volume = {97},
year = {2002}
}


@article{Acerbi2002a,
author = {Acerbi, Carlo},
journal = {Journal of Banking and Finance},
pages = {1505--1518},
title = {{Spectral measures of risk: A coherent representation of subjective risk aversion}},
volume = {26},
number={7},
year = {2002}
}

@book{Muller2002,
author = {M{\"{u}}ller, Alfred and Stoyan, Dietrich},
publisher = {John Wiley \& Sons},
title = {{Comparison methods for stochastic models and risks}},
year = {2002}
}


@article{Young2004,
author = {Young, V. R.},
file = {:C$\backslash$:/Users/Silvana/AppData/Local/Mendeley Ltd./Mendeley Desktop/Downloaded/Young - 2004 - Premium Principles.pdf:pdf},
journal = {Encyclopedia of Actuarial Science2},
pages = {1--9},
title = {{Premium Principles}},
year = {2004}
}
@article{Croux1998,
author = {Croux, Christophe},
file = {:C$\backslash$:/Users/Silvana/AppData/Local/Mendeley Ltd./Mendeley Desktop/Downloaded/Croux - 1998 - Limit behavior of the empirical influence function of the median.pdf:pdf},
journal = {Statistics {\$}\backslash{\&}{\$} Probability},
number = {4},
title = {{Limit behavior of the empirical influence function of the median}},
volume = {37},
year = {1998}
}

@article{Follmer2002,
author = {F{\"{o}}llmer, Hans and Schied, Alexander},
doi = {10.1007/s007800200072},
file = {:C$\backslash$:/Users/Silvana/AppData/Local/Mendeley Ltd./Mendeley Desktop/Downloaded/F{\"{o}}llmer, Schied - 2002 - Convex measures of risk and trading constraints.pdf:pdf},
isbn = {978-3-642-07792-0},
issn = {09492984},
journal = {Finance and Stochastics},
keywords = {convex measure of risk,risk measure,shortfall,trading constraints},
number = {4},
pages = {429--447},
title = {{Convex measures of risk and trading constraints}},
volume = {6},
year = {2002}
}


@article{Arbenz2016,
author = {Arbenz, Philipp and Guevara-Alarc{\'{o}}n, William},
doi = {10.1007/s13385-016-0129-8},
issn = {2190-9733},
journal = {European Actuarial Journal},
keywords = {coherent risk measures {\'{a}},distribution {\'{a}} compression {\'{a}},empirical distribution {\'{a}} piecewise,linear,monte carlo simulation {\'{a}},tvar},
number = {1},
pages = {113--148},
title = {{Risk measure preserving piecewise linear approximation of empirical distributions}},
url = {http://link.springer.com/10.1007/s13385-016-0129-8},
volume = {6},
year = {2016}
}
@article{Ruschendorf1982,
author = {R{\"{u}}schendorf, Ludger},
file = {:C$\backslash$:/Users/Silvana/AppData/Local/Mendeley Ltd./Mendeley Desktop/Downloaded/R{\"{u}}schendorf - 1982 - Random Variables with Maximum Sums.pdf:pdf},
journal = {Advances in Applied Probability},
number = {3},
pages = {623--632},
title = {{Random Variables with Maximum Sums}},
volume = {14},
year = {1982}
}

rticle{Gourieroux2006,
author = {Gourieroux, C. and Liu, W.},
pages = {1--57},
title = {{Sensitivity Analysis of Distortion Risk Measures}},
year = {2006}
}

@article{Mao2016a,
author = {Mao, Tiantian and Wang, Ruodu},
pages = {1--32},
title = {{Risk Aversion in Regulatory Capital Principles}},
year = {2016}
}

@article{Artzner1997,
author = {Artzner, Philippe and Delbaen, Freddy and Eber, Jean-Marc and Heath, Eber},
journal = {RISK},
pages = {68--71},
title = {{Thinking Coherently}},
volume = {10},
year = {1997}
}

@article{Gourieroux2000,
  title={Sensitivity analysis of values at risk},
  author={Gourieroux, Christian and Laurent, Jean Pierre and Scaillet, Olivier},
  journal={Journal of Empirical Finance},
  volume={7},
  number={3},
  pages={225--245},
  year={2000},
  publisher={Elsevier}
}

@article{Shao1999,
author = {{Van de Geer}, Sara},
file = {:C$\backslash$:/Users/Silvana/AppData/Local/Mendeley Ltd./Mendeley Desktop/Downloaded/Van de Geer - 2010 - Mathematical Statistics.pdf:pdf},
journal = {Lecture Notes},
number = {September},
title = {{Mathematical Statistics}},
year = {2010}
}
@article{Cambou2017,
  title={Model uncertainty and scenario aggregation},
  author={Cambou, Mathieu and Filipovi{\'c}, Damir},
  journal={Mathematical Finance},
  volume={27},
  number={2},
  pages={534--567},
  year={2017},
  publisher={Wiley Online Library}
}

@book{Saltelli2004,
author = {Saltelli, Andrea and Tarantola, Stefano and Campolongo, Francesca and Ratto, Marco},
isbn = {0470870931},
title = {{Sensitivity Analysis in Practice: A Guide to Assessing Scientific Models}},
year = {2004}
}

@article{Commission2010,
abstract = {Critical document},
author = {Commission, European},
file = {:C$\backslash$:/Users/Silvana/AppData/Local/Mendeley Ltd./Mendeley Desktop/Downloaded/Commission - 2010 - QIS5 technical specifications.pdf:pdf},
journal = {European commission},
number = {July},
pages = {1--330},
title = {{QIS5 technical specifications}},
url = {http://scholar.google.com/scholar?hl=en{\&}btnG=Search{\&}q=intitle:QIS5+Technical+Specifications{\#}0},
year = {2010}
}

@article{Glasserman2015,
author = {Glasserman, Paul and Kang, Chulmin and Kang, Wanmo},
doi = {10.1080/14697688.2014.926019},
issn = {1469-7688},
journal = {Quantitative Finance},
number = {1},
pages = {25--41},
title = {{Stress scenario selection by empirical likelihood}},
volume = {15},
year = {2015}
}
@book{Wuthrich2013,
  title={Financial modeling, actuarial valuation and solvency in insurance},
  author={W{\"u}thrich, Mario V and Merz, Michael},
  year={2013},
  publisher={Springer}
}
@article{Beckman1987,
  title={Monte {C}arlo estimation under different distributions using the same simulation},
  author={Beckman, Richard J and McKay, Michael D},
  journal={Technometrics},
  volume={29},
  number={2},
  pages={153--160},
  year={1987},
  publisher={Taylor \& Francis}
}
@article{Pesenti2019,
  title={Reverse sensitivity testing: What does it take to break the model?},
  author={Pesenti, Silvana M and Millossovich, Pietro and Tsanakas, Andreas},
  journal={European Journal of Operational Research},
  volume={274},
  number={2},
  pages={654--670},
  year={2019},
  publisher={Elsevier}
}